2310 3105
1194 308 1370 365 [8]

550 413 678 469 cpael).
706 411 786 451 bo&
801 409 996 464 begnlice.
1017 407 1124 464 7pel
1137 408 1252 446 abeo·
1311 406 1513 452 (iumenta,
1556 414 1641 444 tum
1676 405 1843 458 denique
1877 404 2025 452 omnia,

550 480 629 522 va&
642 492 747 519 mine
761 479 918 528 aepenbe
929 487 979 513 to
991 474 1084 523 bam
1093 487 1259 527 gernote

552 549 730 601 bepopan
743 545 885 583 callum
898 543 993 593 bam
1005 551 1133 595 gonan
1148 553 1259 578 man-

556 628 665 654 num.
695 627 722 666 7
750 609 875 662 cyEal)
908 609 1024 648 heom
1058 607 1191 660 hpaem
1224 619 1258 643 ic

558 694 684 731 mines
703 679 839 729 lanoes
857 689 1039 729 geunnen
1060 673 1196 712 habbe.
1233 685 1259 726 7

556 748 665 797 calpe
708 757 838 795 minpe
885 742 1004 780 zeh-ce.
1054 755 1080 795 7
1131 752 1262 778 minan

558 826 707 866 agenan
730 823 832 862 sunu
854 820 987 860 [ωηερε
1008 820 1082 844 nan
1099 805 1206 858 bin-01.
1237 816 1264 857 7

558 877 700 917 biboa’o
722 875 836 914 heom
862 873 959 911 beon
978 871 1109 923 bisses
1127 884 1176 909 to
1195 884 1264 923 ge-

558 956 760 997 pitneffe:
778 940 871 979 And
885 939 958 977 heo
968 938 1019 987 ba
1030 951 1114 991 rpae
1125 938 1266 989 cynon.

558 1014 673 1063 pibon
687 1023 737 1048 to
750 1008 846 1057 bam
863 1019 1040 1060 gernote.
1072 1019 1098 1059 7
1114 1004 1266 1056 cyssbon

559 1076 686 1116 eallon
697 1074 792 1124 bam
806 1076 936 1126 goban
947 1084 1138 1109 mannum
1152 1070 1268 1123 hpaet

561 1145 634 1184 heo
653 1157 703 1182 on
723 1142 839 1180 heom
857 1139 970 1193 gelen
995 1139 1141 1192 haepoe.
1201 1138 1268 1178 Da

561 1212 682 1261 astob
713 1206 859 1258 Dupcil
888 1204 1004 1257 hprca
1025 1218 1076 1255 up
1096 1217 1145 1241 on
1170 1204 1265 1252 bam

558 1289 737 1330 gemo-ce.
767 1287 794 1326 7
816 1273 899 1310 baeb
915 1270 1012 1308 ealle
1031 1270 1084 1318 ba
1103 1269 1267 1321 baegnas

558 1341 688 1394 syllan
708 1338 768 1389 hir
788 1349 877 1389 prpe
900 1335 952 1384 ba
972 1334 1109 1384 lanber
1129 1333 1263 1371 claene.

559 1408 612 1456 be
629 1406 715 1457 hipe
730 1417 843 1457 mage
858 1402 945 1452 hipe
955 1400 1114 1454 ζει-ωδε.
1145 1414 1171 1454 7
1195 1399 1269 1438 heo

561 1487 636 1527 rpa
652 1474 794 1526 byvon.
825 1484 851 1524 7
872 1468 1032 1521 Dupcill
1050 1478 1126 1520 pao
1148 1468 1201 1507 'cSa
1219 1481 1269 1507 to

1317 486 1405 526 quae
1425 471 1562 517 habeo,
1587 485 1650 510 me
1672 469 1841 516 mortua,
1862 471 2027 510 fruenda

1319 536 1504 576 concedo.
1551 536 1626 574 His
1639 536 1763 581 dietis,
1784 536 1874 575 dein
1889 536 2028 575 liberos

1317 603 1495 642 homines
1508 601 1528 640 31
1541 601 1647 640 curia
1660 599 1788 640 missos
1800 601 1847 641 fic
1861 602 2026 640 adfatur.

1320 669 1392 720 Eja
1426 668 1543 722 agite,
1591 675 1634 705 ut
1673 667 1809 705 liberos
1848 667 2028 707 homines

1320 737 1444 782 decet,
1463 737 1498 774 δε
1513 735 1719 787 diligenter
1734 734 1901 786 perferte
1917 748 2029 773 man-

1323 802 1412 839 data
1447 815 1535 840 mea
1564 800 1610 838 ad
1648 800 1825 846 Curiam,
1869 800 2032 839 fideliter

1323 867 1562 906 declarantes
1583 880 1716 905 coram
1737 866 1916 905 omnibus
1943 880 2030 919 pro-

1326 935 1382 973 bis
1414 934 1653 980 hominibus,
1682 934 1745 972 cui
1774 943 1892 972 terras
1927 946 2033 972 meas

1326 1015 1476 1049 omnes,
1509 1004 1546 1040 &
1576 1000 1752 1040 universa
1781 1002 1882 1040 bona
1908 1000 1952 1040 ea
1974 1001 2032 1040 in-

1326 1070 1501 1108 tentione
1535 1069 1637 1115 dedi,
1666 1077 1710 1107 ut
1739 1068 1865 1107 filium
1899 1082 2034 1108 meum

1326 1136 1571 1176 exhaeredem
1605 1136 1790 1182 facerem,
1833 1137 1872 1174 &
1902 1145 2034 1190 rogate

1325 1217 1403 1249 e08‚
1434 1213 1475 1241 ut
1496 1204 1586 1242 huic
1605 1204 1806 1242 donationi
1823 1202 1940 1243 testes
1961 1202 2034 1243 effe

1323 1268 1459 1306 velint.
1521 1268 1582 1307 Illi
1603 1269 1791 1321 protinus,
1812 1271 1916 1323 quod
1937 1280 2035 1324 peti-

1323 1340 1420 1378 erat,
1451 1331 1723 1384 praestiterunt.
1785 1334 1910 1387 Equis
1929 1336 2037 1375 enim

1326 1397 1551 1445 conscenfis,
1601 1399 1648 1437 ad
1693 1409 1933 1439 conventum
1976 1415 2035 1440 re-

1327 1474 1475 1513 meant,
1510 1468 1547 1505 &
1567 1480 1699 1505 coram
1720 1467 1847 1519 probis
1865 1468 2035 1507 homini-

1327 1534 1396 1573 bus
1411 1533 1607 1582 universis,
1621 1535 1722 1588 quod
1738 1533 1774 1573 se
1791 1535 2038 1587 praesentibus

1329 1601 1564 1641 Enneawne
1594 1600 1630 1640 se
1660 1602 1872 1642 defendens
1903 1612 2039 1656 protu-

1328 1668 1438 1713 lerat,
1499 1667 1805 1707 declaraverunt.
1885 1668 2040 1714 Quibus

1327 1735 1488 1787 quidem
1527 1735 1747 1783 declaratis,
1780 1735 1953 1791 surgens,
1999 1737 2039 1777 in

1328 1799 1345 1822 ‘³
1365 1801 1450 1839 foro
1469 1801 1682 1840 Thurcilus
1698 1802 1826 1840 Albus
1843 1803 1892 1841 ab
1910 1804 2040 1843 omni-

1333 1864 1402 1902 bus
1422 1865 1549 1903 liberis
1569 1865 1791 1904 hominibus
1811 1865 2041 1927 postulabat,

1333 1939 1378 1968 ut
1408 1930 1519 1968 uxori
1555 1929 1630 1970 suae
1666 1940 1787 1970 terras
1819 1946 1842 1970 a
1875 1933 1943 1972 lite
1964 1935 2040 1973 im-

1334 2009 1472 2033 munes
1485 1996 1760 2048 adjudicarent,
1775 2011 1869 2050 quas
1883 1998 1938 2038 illi
1952 2013 2041 2052 pro-

1337 2064 1484 2116 pinqua
1506 2063 1586 2115 ejus
1605 2063 1827 2103 donaverat.
1873 2065 1932 2104 Hi
1952 2080 2043 2106 vero

1336 2130 1389 2170 ita
1436 2131 1627 2177 fecerunt,
1684 2140 1799 2183 prout
1841 2144 2043 2186 rogaverat

1339 2196 1566 2243 Thurcilus,
1596 2196 1663 2248 qui
1693 2195 1822 2235 statim
1850 2197 2044 2239 consenti-

619 2333 630 2349 ⁴
656 2330 696 2372 ssy
711 2330 779 2360 such
795 2329 926 2360 versions
940 2329 979 2360 an
998 2329 1146 2362 historical
1163 2342 1309 2374 accuracy
1327 2332 1378 2363 has
1405 2333 1480 2363 been
1504 2331 1657 2373 destroyed
1675 2343 1683 2370 ;
1708 2332 1810 2364 where
1824 2343 1880 2364 can
1896 2334 1933 2364 be
1950 2334 2043 2366 found

576 2396 593 2416 a
609 2393 684 2415 term
702 2382 938 2424 corresponding
953 2383 1026 2412 with
1050 2387 1071 2401 “
1088 2395 1189 2415 coram
1207 2385 1308 2426 probis
1324 2385 1499 2416 hominibus
1514 2385 1672 2423 universis,
1697 2393 1725 2417 et
1742 2387 1778 2417 ab
1789 2388 1931 2418 omnibus
1943 2388 2045 2421 liberis

576 2437 766 2468 Hominibus
786 2438 816 2467 in
840 2437 1011 2467 Foro—the
1026 2435 1169 2478 Original
1185 2438 1254 2480 only
1271 2437 1407 2479 specifics
1422 2437 1472 2469 the
1484 2436 1612 2470 Thanes
1635 2438 1794 2471 affembled
1813 2440 1845 2471 in
1858 2440 1906 2471 the
1920 2439 2046 2483 County

573 2490 686 2530 Coun,
709 2503 763 2524 our
779 2491 898 2533 present
914 2490 1021 2523 Grand
1035 2490 1121 2533 Juty.

1895 2568 2046 2607 entibus
