2310 3105
1255 293 1461 353 [32]

624 415 761 469 phebe.
793 428 819 468 7
841 425 918 467 1:011
943 412 996 462 ba
1024 413 1154 466 ppynb
1182 411 1235 462 be
1259 410 1335 451 heo
1392 413 1453 452 for
1473 427 1554 461 me,
1584 414 1659 454 and
1681 415 1740 454 for
1762 414 1929 464 Elfleda,
1949 413 2026 456 and
2045 418 2107 457 for

625 480 908 535 popebingove.
939 493 966 533 -]
983 491 1018 519 1c
1032 477 1280 532 popebmgie.
1395 478 1460 516 the
1476 479 1622 519 friends
1642 480 1726 520 that
1743 481 1807 520 she
1823 482 1887 520 did
1909 483 2106 522 intercede

1396 545 1468 592 for,
1500 545 1576 584 and
1598 547 1613 584 1
1635 546 1685 584 do
1703 546 1900 586 intercede
1921 549 1993 587 for.

678 693 783 736 ’Περ
799 693 970 718 maneae
985 693 1035 717 on
1048 692 1205 732 cpicurn
1219 689 1339 729 ceape
1452 677 1547 716 And
1579 675 1667 715 seek
1700 677 1793 730 they
1822 677 1914 726 also,
1955 679 2054 718 with
2085 693 2108 718 a

628 747 742 795 ymbe
770 758 904 797 minpe
932 745 1045 798 raple
1068 744 1232 798 beappe.
1262 758 1339 797 rpa
1397 744 1523 798 living
1535 744 1653 796 price,
1671 744 1730 782 for
1743 759 1807 796 my
1822 746 1950 784 Soul's
1961 745 2109 793 health,

629 812 695 850 hu:
724 813 824 850 beon
854 823 991 865 maege.
1021 826 1043 860 ·]
1069 825 1144 863 spa
1174 811 1241 849 hrt:
1267 824 1336 849 eac
1395 824 1434 848 as
1451 810 1481 848 it
1497 811 1542 848 be
1560 824 1666 862 may,
1686 811 1762 848 and
1782 824 1822 848 as
1844 811 1873 849 it
1889 809 1966 849 also
1979 810 2109 865 sitting

628 879 800 932 gepyJ-ne
819 879 876 929 sy.
921 891 948 931 7
979 890 1054 930 spa
1078 890 1127 930 ge
1153 890 1218 916 me
1240 890 1337 931 1:011-
1398 876 1427 914 is
1446 891 1455 921 ;
1486 876 1562 914 and
1584 889 1624 914 as
1644 889 1690 928 ye
1708 889 1772 914 me
1794 884 1835 914 to
1849 875 1999 929 forgive
2014 875 2110 914 shall

627 946 754 997 gypan
775 943 922 996 pyllan.
953 943 978 967 ³⁸
1398 943 1444 981 be
1465 941 1650 995 disposed.

960 1111 1227 1144 MANNING'S
1252 1111 1363 1142 LATt
1371 1111 1403 1142 N
1427 1107 1776 1142 TRANSLATION.

674 1200 692 1217 ⁸
717 1197 811 1235 Item,
835 1195 990 1232 Obtcstor,
1015 1196 1045 1227 in
1073 1196 1134 1227 Dei
1162 1196 1314 1233 Nomine,
1338 1204 1367 1226 et
1388 1197 1453 1237 ejus
1479 1196 1675 1233 sanetorum,
1706 1203 1740 1225 ut
1764 1205 1903 1226 meorum
1928 1193 2112 1236 consangui-

634 1261 761 1281 neorum
779 1260 881 1287 nemo,
900 1260 995 1290 neque
1011 1249 1163 1279 haeredum
1181 1249 1355 1290 interpellet
1371 1259 1477 1286 nemo,
1493 1250 1618 1279 arbitrio
1629 1249 1680 1278 suo
1695 1248 1799 1278 utendi
1814 1247 1989 1278 facultatem
2003 1257 2110 1278 eorum

628 1315 704 1346 quos
721 1305 831 1334 redemi
849 1303 865 1334 ὲ
884 1303 1034 1333 servitute.
1081 1301 1226 1333 Profe&o
1252 1303 1329 1334 mihi
1355 1302 1619 1334 west-Saxonum
1641 1301 1817 1343 Optimates
1840 1301 2013 1342 legitimum
2037 1311 2112 1332 cen-

631 1357 763 1393 suerunt,
786 1364 817 1386 ut
833 1366 890 1396 ego
914 1354 984 1385 istos
1009 1354 1122 1395 poffem
1138 1353 1321 1395 relinquere,
1348 1354 1405 1385 slve
1423 1355 1546 1389 liberos,
1572 1353 1629 1386 five
1647 1353 1757 1390 servos,
1782 1360 1885 1382 utrum
1902 1353 2022 1383 vellem.
2068 1353 2112 1383 At

630 1420 700 1451 ego,
725 1416 845 1450 propter
863 1407 923 1437 Dei
940 1418 1090 1444 amorem,
1114 1415 1143 1437 et
1161 1416 1282 1449 propter
1297 1409 1406 1439 animae
1423 1419 1498 1438 meae
1519 1408 1658 1444 salutem,
1683 1407 1753 1438 volo
1768 1415 1800 1437 ut
1818 1407 1873 1438 fint
1891 1407 2037 1439 libertatis
2053 1407 2112 1440 sua:

629 1472 788 1506 compotes
802 1473 830 1494 ct
847 1463 976 1494 arbitrii.
1022 1462 1156 1494 Necnon
1185 1463 1215 1493 in
1233 1463 1293 1494 Dei
1315 1464 1443 1494 viventis
1469 1463 1594 1494 nomine
1610 1462 1748 1499 obsecro,
1769 1470 1802 1492 ut
1824 1473 1876 1492 eos
1900 1473 1993 1493 nemo
2009 1469 2111 1500 vexet,

630 1530 727 1560 neque
753 1518 889 1559 pecunia:
918 1516 1091 1554 exafflone,
1116 1527 1213 1559 neque
1231 1518 1292 1548 alio
1314 1518 1420 1561 quovis
1436 1518 1541 1554 modo,
1565 1527 1626 1558 quo
1643 1516 1746 1547 minus
1762 1516 1870 1558 possim
1894 1516 2005 1557 eligere
2021 1517 2112 1548 talem

632 1573 804 1604 Dominum
823 1572 944 1614 qualem
963 1571 1014 1613 ipfi
1030 1572 1134 1603 velint.

675 1627 767 1664 Item,
793 1625 872 1657 Volo
898 1634 931 1657 ut
957 1627 1118 1657 reddantur
1146 1626 1273 1657 familiis
1298 1625 1377 1667 apud
1407 1625 1526 1656 Domer
1553 1623 1746 1660 Manerium,
1777 1633 1884 1654 eorum
1912 1622 2049 1660 Chartae,
2081 1631 2112 1655 et

631 1692 736 1711 corum
754 1680 874 1711 licentia
891 1680 982 1710 talem
998 1680 1171 1711 Dominum
1188 1681 1318 1722 eligendi
1335 1680 1454 1718 qualern
1472 1679 1540 1720 ipsis
1554 1679 1715 1720 placuerit,
1732 1685 1854 1720 propter
1867 1688 1928 1715 me,
1943 1685 1972 1708 et
1989 1685 2112 1720 propter

635 1734 810 1770 AElfledam,
835 1742 864 1765 et
880 1742 1002 1775 propter
1019 1734 1135 1765 amicos
1151 1745 1205 1775 pro
1222 1734 1331 1775 quibus
1349 1732 1410 1775 ipsa
1428 1734 1644 1770 intercedebat,
1668 1741 1758 1774 atque
1775 1743 1831 1774 ego
1846 1733 2009 1764 intercedo.

679 1786 834 1827 Denique,
861 1786 1046 1827 Imploretur
1063 1786 1161 1824 Deus,
1185 1787 1297 1817 viventi
1324 1786 1432 1828 pretio,
1457 1797 1511 1827 pro
1526 1787 1635 1816 animae
1653 1796 1728 1816 meae
1753 1785 1858 1824 salute,
1882 1793 2031 1828 qnantum
2047 1783 2111 1815 fieri

636 1837 735 1878 possit,
759 1837 802 1866 nti
820 1837 911 1867 etiam
928 1848 1099 1878 congruum
1115 1837 1169 1875 est,
1192 1845 1220 1867 et
1237 1845 1328 1878 prout
1343 1847 1396 1867 vos
1412 1838 1486 1867 mihi
1502 1841 1672 1871 condonare
1688 1840 1797 1870 velitis.
